@article{medical,
  title={A survey on deep learning in medical image analysis},
  author={Litjens, Geert and Kooi, Thijs and Bejnordi, Babak Ehteshami and Setio, Arnaud Arindra Adiyoso and Ciompi, Francesco and Ghafoorian, Mohsen and Van Der Laak, Jeroen Awm and Van Ginneken, Bram and S{\'a}nchez, Clara I},
  journal={Medical image analysis},
  volume={42},
  pages={60--88},
  year={2017},
  publisher={Elsevier}
}
@article{chakraborty2019software,
	title={Software engineering for fairness: A case study with hyperparameter optimization},
	author={Chakraborty, Joymallya and Xia, Tianpei and Fahid, Fahmid M and Menzies, Tim},
	journal={arXiv preprint arXiv:1905.05786},
	year={2019}
}
@article{self_Driving,
  title={End to end learning for self-driving cars},
  author={Bojarski, Mariusz and Del Testa, Davide and Dworakowski, Daniel and Firner, Bernhard and Flepp, Beat and Goyal, Prasoon and Jackel, Lawrence D and Monfort, Mathew and Muller, Urs and Zhang, Jiakai and others},
  journal={arXiv preprint arXiv:1604.07316},
  year={2016}
}
@article{speech_recognition,
  title={Achieving human parity in conversational speech recognition},
  author={Xiong, Wayne and Droppo, Jasha and Huang, Xuedong and Seide, Frank and Seltzer, Mike and Stolcke, Andreas and Yu, Dong and Zweig, Geoffrey},
  journal={arXiv preprint arXiv:1610.05256},
  year={2016}
}
@article{landscapes,
  title={Machine learning testing: Survey, landscapes and horizons},
  author={Zhang, Jie M and Harman, Mark and Ma, Lei and Liu, Yang},
  journal={IEEE Transactions on Software Engineering},
  year={2020},
  publisher={IEEE}
}
@inproceedings{feng2020deepgini,
  title={Deepgini: prioritizing massive tests to enhance the robustness of deep neural networks},
  author={Feng, Yang and Shi, Qingkai and Gao, Xinyu and Wan, Jun and Fang, Chunrong and Chen, Zhenyu},
  booktitle={Proceedings of the 29th ACM SIGSOFT International Symposium on Software Testing and Analysis},
  pages={177--188},
  year={2020}
}

@inproceedings{amershi2019software,
	title={Software engineering for machine learning: A case study},
	author={Amershi, Saleema and Begel, Andrew and Bird, Christian and DeLine, Robert and Gall, Harald and Kamar, Ece and Nagappan, Nachiappan and Nushi, Besmira and Zimmermann, Thomas},
	booktitle={2019 IEEE/ACM 41st International Conference on Software Engineering: Software Engineering in Practice (ICSE-SEIP)},
	pages={291--300},
	year={2019},
	organization={IEEE}
}
@inproceedings{amershi2019software,
  title={Software engineering for machine learning: A case study},
  author={Amershi, Saleema and Begel, Andrew and Bird, Christian and DeLine, Robert and Gall, Harald and Kamar, Ece and Nagappan, Nachiappan and Nushi, Besmira and Zimmermann, Thomas},
  booktitle={2019 IEEE/ACM 41st International Conference on Software Engineering: Software Engineering in Practice (ICSE-SEIP)},
  pages={291--300},
  year={2019},
  organization={IEEE}
}
@inproceedings{li2021deeppayload,
  title={DeepPayload: Black-box backdoor attack on deep learning models through neural payload injection},
  author={Li, Yuanchun and Hua, Jiayi and Wang, Haoyu and Chen, Chunyang and Liu, Yunxin},
  booktitle={2021 IEEE/ACM 43rd International Conference on Software Engineering (ICSE)},
  pages={263--274},
  year={2021},
  organization={IEEE}
}
@inproceedings{Boosting,

	title={Boosting operational dnn testing efficiency through conditioning},

	author={Li, Zenan and Ma, Xiaoxing and Xu, Chang and Cao, Chun and Xu, Jingwei and L{\"u}, Jian},

	booktitle={Proceedings of the 2019 27th ACM Joint Meeting on European Software Engineering Conference and Symposium on the Foundations of Software Engineering},

	pages={499--509},

	year={2019}

}
@inproceedings{pei2017deepxplore,
  title={Deepxplore: Automated whitebox testing of deep learning systems},
  author={Pei, Kexin and Cao, Yinzhi and Yang, Junfeng and Jana, Suman},
  booktitle={proceedings of the 26th Symposium on Operating Systems Principles},
  pages={1--18},
  year={2017}
}
@inproceedings{tian2018deeptest,
  title={Deeptest: Automated testing of deep-neural-network-driven autonomous cars},
  author={Tian, Yuchi and Pei, Kexin and Jana, Suman and Ray, Baishakhi},
  booktitle={Proceedings of the 40th international conference on software engineering},
  pages={303--314},
  year={2018}
}
@inproceedings{chakraborty2017interpretability,
  title={Interpretability of deep learning models: A survey of results},
  author={Chakraborty, Supriyo and Tomsett, Richard and Raghavendra, Ramya and Harborne, Daniel and Alzantot, Moustafa and Cerutti, Federico and Srivastava, Mani and Preece, Alun and Julier, Simon and Rao, Raghuveer M and others},
  booktitle={2017 IEEE smartworld, ubiquitous intelligence \& computing, advanced \& trusted computed, scalable computing \& communications, cloud \& big data computing, Internet of people and smart city innovation (smartworld/SCALCOM/UIC/ATC/CBDcom/IOP/SCI)},
  pages={1--6},
  year={2017},
  organization={IEEE}
}
@inproceedings{moosavi2016deepfool,
  title={Deepfool: a simple and accurate method to fool deep neural networks},
  author={Moosavi-Dezfooli, Seyed-Mohsen and Fawzi, Alhussein and Frossard, Pascal},
  booktitle={Proceedings of the IEEE conference on computer vision and pattern recognition},
  pages={2574--2582},
  year={2016}
}
@inproceedings{carlini2017towards,
  title={Towards evaluating the robustness of neural networks},
  author={Carlini, Nicholas and Wagner, David},
  booktitle={2017 ieee symposium on security and privacy (sp)},
  pages={39--57},
  year={2017},
  organization={Ieee}
}
@article{goodfellow2016cleverhans,
  title={cleverhans v0. 1: an adversarial machine learning library},
  author={Goodfellow, Ian and Papernot, Nicolas and McDaniel, Patrick and Feinman, Reuben and Faghri, Fartash and Matyasko, Alexander and Hambardzumyan, Karen and Juang, Yi-Lin and Kurakin, Alexey and Sheatsley, Ryan and others},
  journal={arXiv preprint arXiv:1610.00768},
  volume={1},
  year={2016},
  publisher={CoRR}
}
@article{papernot2016technical,
  title={Technical report on the cleverhans v2. 1.0 adversarial examples library},
  author={Papernot, Nicolas and Faghri, Fartash and Carlini, Nicholas and Goodfellow, Ian and Feinman, Reuben and Kurakin, Alexey and Xie, Cihang and Sharma, Yash and Brown, Tom and Roy, Aurko and others},
  journal={arXiv preprint arXiv:1610.00768},
  year={2016}
}
@inproceedings{zhang2018empirical,
  title={An empirical study on TensorFlow program bugs},
  author={Zhang, Yuhao and Chen, Yifan and Cheung, Shing-Chi and Xiong, Yingfei and Zhang, Lu},
  booktitle={Proceedings of the 27th ACM SIGSOFT International Symposium on Software Testing and Analysis},
  pages={129--140},
  year={2018}
}
@article{saleiro2018aequitas,
  title={Aequitas: A bias and fairness audit toolkit},
  author={Saleiro, Pedro and Kuester, Benedict and Hinkson, Loren and London, Jesse and Stevens, Abby and Anisfeld, Ari and Rodolfa, Kit T and Ghani, Rayid},
  journal={arXiv preprint arXiv:1811.05577},
  year={2018}
}
@article{doshi2017towards,
  title={Towards a rigorous science of interpretable machine learning},
  author={Doshi-Velez, Finale and Kim, Been},
  journal={arXiv preprint arXiv:1702.08608},
  year={2017}
}
@inproceedings{ding2018detecting,
  title={Detecting violations of differential privacy},
  author={Ding, Zeyu and Wang, Yuxin and Wang, Guanhong and Zhang, Danfeng and Kifer, Daniel},
  booktitle={Proceedings of the 2018 ACM SIGSAC Conference on Computer and Communications Security},
  pages={475--489},
  year={2018}
}
@article{cubuk2018autoaugment,
  title={Autoaugment: Learning augmentation policies from data},
  author={Cubuk, Ekin D and Zoph, Barret and Mane, Dandelion and Vasudevan, Vijay and Le, Quoc V},
  journal={arXiv preprint arXiv:1805.09501},
  year={2018}
}
@article{goodfellow2020generative,
  title={Generative adversarial networks},
  author={Goodfellow, Ian and Pouget-Abadie, Jean and Mirza, Mehdi and Xu, Bing and Warde-Farley, David and Ozair, Sherjil and Courville, Aaron and Bengio, Yoshua},
  journal={Communications of the ACM},
  volume={63},
  number={11},
  pages={139--144},
  year={2020},
  publisher={ACM New York, NY, USA}
}
@inproceedings{ma2018mode,
  title={MODE: automated neural network model debugging via state differential analysis and input selection},
  author={Ma, Shiqing and Liu, Yingqi and Lee, Wen-Chuan and Zhang, Xiangyu and Grama, Ananth},
  booktitle={Proceedings of the 2018 26th ACM Joint Meeting on European Software Engineering Conference and Symposium on the Foundations of Software Engineering},
  pages={175--186},
  year={2018}
}
@inproceedings{gao2020fuzz,
  title={Fuzz testing based data augmentation to improve robustness of deep neural networks},
  author={Gao, Xiang and Saha, Ripon K and Prasad, Mukul R and Roychoudhury, Abhik},
  booktitle={2020 IEEE/ACM 42nd International Conference on Software Engineering (ICSE)},
  pages={1147--1158},
  year={2020},
  organization={IEEE}
}
@inproceedings{zhang2019apricot,
  title={Apricot: A weight-adaptation approach to fixing deep learning models},
  author={Zhang, Hao and Chan, WK},
  booktitle={2019 34th IEEE/ACM International Conference on Automated Software Engineering (ASE)},
  pages={376--387},
  year={2019},
  organization={IEEE}
}
@article{liu2017trojaning,
  title={Trojaning attack on neural networks},
  author={Liu, Yingqi and Ma, Shiqing and Aafer, Yousra and Lee, Wen-Chuan and Zhai, Juan and Wang, Weihang and Zhang, Xiangyu},
  year={2017}
}
@inproceedings{wang2019adversarial,
  title={Adversarial sample detection for deep neural network through model mutation testing},
  author={Wang, Jingyi and Dong, Guoliang and Sun, Jun and Wang, Xinyu and Zhang, Peixin},
  booktitle={2019 IEEE/ACM 41st International Conference on Software Engineering (ICSE)},
  pages={1245--1256},
  year={2019},
  organization={IEEE}
}
@inproceedings{shen2020mcp,
  title={Multiple-boundary clustering and prioritization to promote neural network retraining},
  author={Shen, Weijun and Li, Yanhui and Chen, Lin and Han, Yuanlei and Zhou, Yuming and Xu, Baowen},
  booktitle={Proceedings of the 35th IEEE/ACM International Conference on Automated Software Engineering},
  pages={410--422},
  year={2020}
}
@inproceedings{gao2019strip,
  title={Strip: A defence against trojan attacks on deep neural networks},
  author={Gao, Yansong and Xu, Change and Wang, Derui and Chen, Shiping and Ranasinghe, Damith C and Nepal, Surya},
  booktitle={Proceedings of the 35th Annual Computer Security Applications Conference},
  pages={113--125},
  year={2019}
}
@inproceedings{wang2019neural,
  title={Neural cleanse: Identifying and mitigating backdoor attacks in neural networks},
  author={Wang, Bolun and Yao, Yuanshun and Shan, Shawn and Li, Huiying and Viswanath, Bimal and Zheng, Haitao and Zhao, Ben Y},
  booktitle={2019 IEEE Symposium on Security and Privacy (SP)},
  pages={707--723},
  year={2019},
  organization={IEEE}
}
@article{hu2022empirical,
  title={An empirical study on data distribution-aware test selection for deep learning enhancement},
  author={Hu, Qiang and Guo, Yuejun and Cordy, Maxime and Xie, Xiaofei and Ma, Lei and Papadakis, Mike and Le Traon, Yves},
  journal={ACM Transactions on Software Engineering and Methodology},
  year={2022},
  publisher={ACM New York, NY}
}
@inproceedings{thonglek2020retraining,
  title={Retraining quantized neural network models with unlabeled data},
  author={Thonglek, Kundjanasith and Takahashi, Keichi and Ichikawa, Kohei and Nakasan, Chawanat and Nakada, Hidemoto and Takano, Ryousei and Iida, Hajimu},
  booktitle={2020 International Joint Conference on Neural Networks (IJCNN)},
  pages={1--8},
  year={2020},
  organization={IEEE}
}
@article{menghani2023efficient,
	title={Efficient deep learning: A survey on making deep learning models smaller, faster, and better},
	author={Menghani, Gaurav},
	journal={ACM Computing Surveys},
	volume={55},
	number={12},
	pages={1--37},
	year={2023},
	publisher={ACM New York, NY}
}

@book{poulin1996measuring,
	title={Measuring software reuse: principles, practices, and economic models},
	author={Poulin, Jeffrey S},
	year={1996},
	publisher={Addison-Wesley Longman Publishing Co., Inc.}
}
@article{mohammed2023comprehensive,
	title={A comprehensive review on ensemble deep learning: Opportunities and challenges},
	author={Mohammed, Ammar and Kora, Rania},
	journal={Journal of King Saud University-Computer and Information Sciences},
	year={2023},
	publisher={Elsevier}
}
@misc{Tesla,

	author={Alex Davies},

	title={Tesla's Latest Autopilot Death Looks Just Like a Prior Crash.},

	howpublished = {\url{https://www.wired.com/story/teslas-latest-autopilot-death-looks-like-prior-crash/}}

}
@article{whang2020data,
	title={Data collection and quality challenges for deep learning},
	author={Whang, Steven Euijong and Lee, Jae-Gil},
	journal={Proceedings of the VLDB Endowment},
	volume={13},
	number={12},
	pages={3429--3432},
	year={2020},
	publisher={VLDB Endowment}
}
@inproceedings{li2013adaptive,
  title={Adaptive active learning for image classification},
  author={Li, Xin and Guo, Yuhong},
  booktitle={Proceedings of the IEEE conference on computer vision and pattern recognition},
  pages={859--866},
  year={2013}
}
@article{jia2010analysis,
  title={An analysis and survey of the development of mutation testing},
  author={Jia, Yue and Harman, Mark},
  journal={IEEE transactions on software engineering},
  volume={37},
  number={5},
  pages={649--678},
  year={2010},
  publisher={IEEE}
}
@inproceedings{shen2018munn,
  title={Munn: Mutation analysis of neural networks},
  author={Shen, Weijun and Wan, Jun and Chen, Zhenyu},
  booktitle={2018 IEEE International Conference on Software Quality, Reliability and Security Companion (QRS-C)},
  pages={108--115},
  year={2018},
  organization={IEEE}
}
@inproceedings{ma2018deepmutation,
  title={Deepmutation: Mutation testing of deep learning systems},
  author={Ma, Lei and Zhang, Fuyuan and Sun, Jiyuan and Xue, Minhui and Li, Bo and Juefei-Xu, Felix and Xie, Chao and Li, Li and Liu, Yang and Zhao, Jianjun and others},
  booktitle={2018 IEEE 29th International Symposium on Software Reliability Engineering (ISSRE)},
  pages={100--111},
  year={2018},
  organization={IEEE}
}
@inproceedings{liu2020survey,
  title={A survey on neural trojans},
  author={Liu, Yuntao and Mondal, Ankit and Chakraborty, Abhishek and Zuzak, Michael and Jacobsen, Nina and Xing, Daniel and Srivastava, Ankur},
  booktitle={2020 21st International Symposium on Quality Electronic Design (ISQED)},
  pages={33--39},
  year={2020},
  organization={IEEE}
}
@article{kaviani2021defense,
  title={Defense against neural trojan attacks: A survey},
  author={Kaviani, Sara and Sohn, Insoo},
  journal={Neurocomputing},
  volume={423},
  pages={651--667},
  year={2021},
  publisher={Elsevier}
}
@article{li2022backdoor,
  title={Backdoor learning: A survey},
  author={Li, Yiming and Jiang, Yong and Li, Zhifeng and Xia, Shu-Tao},
  journal={IEEE Transactions on Neural Networks and Learning Systems},
  year={2022},
  publisher={IEEE}
}
@inproceedings{liu2019abs,
  title={Abs: Scanning neural networks for back-doors by artificial brain stimulation},
  author={Liu, Yingqi and Lee, Wen-Chuan and Tao, Guanhong and Ma, Shiqing and Aafer, Yousra and Zhang, Xiangyu},
  booktitle={Proceedings of the 2019 ACM SIGSAC Conference on Computer and Communications Security},
  pages={1265--1282},
  year={2019}
}
@inproceedings{wu2019heterogeneous,
  title={Heterogeneous model reuse via optimizing multiparty multiclass margin},
  author={Wu, Xi-Zhu and Liu, Song and Zhou, Zhi-Hua},
  booktitle={International Conference on Machine Learning},
  pages={6840--6849},
  year={2019},
  organization={PMLR}
}
@article{guo2022dre,
  title={DRE: density-based data selection with entropy for adversarial-robust deep learning models},
  author={Guo, Yuejun and Hu, Qiang and Cordy, Maxime and Papadakis, Michail and Le Traon, Yves},
  journal={Neural Computing and Applications},
  pages={1--18},
  year={2022},
  publisher={Springer}
}
@inproceedings{ahuja2022testing,
  title={Testing Deep Learning Models: A First Comparative Study of Multiple Testing Techniques},
  author={Ahuja, Mohit Kumar and Gotlieb, Arnaud and Spieker, Helge},
  booktitle={2022 IEEE International Conference on Software Testing, Verification and Validation Workshops (ICSTW)},
  pages={130--137},
  year={2022},
  organization={IEEE}
}
@inproceedings{li2021modeldiff,
	title={ModelDiff: Testing-based DNN similarity comparison for model reuse detection},
	author={Li, Yuanchun and Zhang, Ziqi and Liu, Bingyan and Yang, Ziyue and Liu, Yunxin},
	booktitle={Proceedings of the 30th ACM SIGSOFT International Symposium on Software Testing and Analysis},
	pages={139--151},
	year={2021}
}
@article{menzies2019five,
	title={The five laws of SE for AI},
	author={Menzies, Tim},
	journal={IEEE Software},
	volume={37},
	number={1},
	pages={81--85},
	year={2019},
	publisher={IEEE}
}
@book{poulin1996measuring,
	title={Measuring software reuse: principles, practices, and economic models},
	author={Poulin, Jeffrey S},
	year={1996},
	publisher={Addison-Wesley Longman Publishing Co., Inc.}
}
@inproceedings{pan2022decomposing,
	title={Decomposing convolutional neural networks into reusable and replaceable modules},
	author={Pan, Rangeet and Rajan, Hridesh},
	booktitle={Proceedings of the 44th International Conference on Software Engineering},
	pages={524--535},
	year={2022}
}
@inproceedings{meng2021measuring,
	title={Measuring discrimination to boost comparative testing for multiple deep learning models},
	author={Meng, Linghan and Li, Yanhui and Chen, Lin and Wang, Zhi and Wu, Di and Zhou, Yuming and Xu, Baowen},
	booktitle={2021 IEEE/ACM 43rd International Conference on Software Engineering (ICSE)},
	pages={385--396},
	year={2021},
	organization={IEEE}
}
@inproceedings{zhang2022remos,
	title={ReMoS: reducing defect inheritance in transfer learning via relevant model slicing},
	author={Zhang, Ziqi and Li, Yuanchun and Wang, Jindong and Liu, Bingyan and Li, Ding and Guo, Yao and Chen, Xiangqun and Liu, Yunxin},
	booktitle={Proceedings of the 44th International Conference on Software Engineering},
	pages={1856--1868},
	year={2022}
}
@inproceedings{pan2020decomposing,
	title={On decomposing a deep neural network into modules},
	author={Pan, Rangeet and Rajan, Hridesh},
	booktitle={Proceedings of the 28th ACM Joint Meeting on European Software Engineering Conference and Symposium on the Foundations of Software Engineering},
	pages={889--900},
	year={2020}
}
@inproceedings{qi2022patching,
	title={Patching weak convolutional neural network models through modularization and composition},
	author={Qi, Binhang and Sun, Hailong and Gao, Xiang and Zhang, Hongyu},
	booktitle={Proceedings of the 37th IEEE/ACM International Conference on Automated Software Engineering},
	pages={1--12},
	year={2022}
}
@article{qi2023reusing,
	title={Reusing Deep Neural Network Models through Model Re-engineering},
	author={Qi, Binhang and Sun, Hailong and Gao, Xiang and Zhang, Hongyu and Li, Zhaotian and Liu, Xudong},
	journal={arXiv preprint arXiv:2304.00245},
	year={2023}
}

@inproceedings{li2022training,
	title={Training data debugging for the fairness of machine learning software},
	author={Li, Yanhui and Meng, Linghan and Chen, Lin and Yu, Li and Wu, Di and Zhou, Yuming and Xu, Baowen},
	booktitle={Proceedings of the 44th International Conference on Software Engineering},
	pages={2215--2227},
	year={2022}
}

@inproceedings{biswas2020machine,
	title={Do the machine learning models on a crowd sourced platform exhibit bias? an empirical study on model fairness},
	author={Biswas, Sumon and Rajan, Hridesh},
	booktitle={Proceedings of the 28th ACM joint meeting on European software engineering conference and symposium on the foundations of software engineering},
	pages={642--653},
	year={2020}
}

@inproceedings{zhang2021ignorance,
	title={" Ignorance and Prejudice" in Software Fairness},
	author={Zhang, Jie M and Harman, Mark},
	booktitle={2021 IEEE/ACM 43rd International Conference on Software Engineering (ICSE)},
	pages={1436--1447},
	year={2021},
	organization={IEEE}
}

@inproceedings{gohar2023towards,
	title={Towards understanding fairness and its composition in ensemble machine learning},
	author={Gohar, Usman and Biswas, Sumon and Rajan, Hridesh},
	booktitle={2023 IEEE/ACM 45th International Conference on Software Engineering (ICSE)},
	pages={1533--1545},
	year={2023},
	organization={IEEE}
}

@article{chen2023comprehensive,
	title={A Comprehensive Empirical Study of Bias Mitigation Methods for Machine Learning Classifiers},
	author={Chen, Zhenpeng and Zhang, Jie M and Sarro, Federica and Harman, Mark},
	journal={ACM Transactions on Software Engineering and Methodology},
	volume={32},
	number={4},
	pages={1--30},
	year={2023},
	publisher={ACM New York, NY, USA}
}

@article{racz2019multi,
	title={Multi-level comparison of machine learning classifiers and their performance metrics},
	author={R{\'a}cz, Anita and Bajusz, D{\'a}vid and H{\'e}berger, K{\'a}roly},
	journal={Molecules},
	volume={24},
	number={15},
	pages={2811},
	year={2019},
	publisher={MDPI}
}

@inproceedings{yan2020correlations,
	title={Correlations between deep neural network model coverage criteria and model quality},
	author={Yan, Shenao and Tao, Guanhong and Liu, Xuwei and Zhai, Juan and Ma, Shiqing and Xu, Lei and Zhang, Xiangyu},
	booktitle={Proceedings of the 28th ACM Joint Meeting on European Software Engineering Conference and Symposium on the Foundations of Software Engineering},
	pages={775--787},
	year={2020}
}

@inproceedings{harel2020neuron,
	title={Is neuron coverage a meaningful measure for testing deep neural networks?},
	author={Harel-Canada, Fabrice and Wang, Lingxiao and Gulzar, Muhammad Ali and Gu, Quanquan and Kim, Miryung},
	booktitle={Proceedings of the 28th ACM Joint Meeting on European Software Engineering Conference and Symposium on the Foundations of Software Engineering},
	pages={851--862},
	year={2020}
}

@inproceedings{islam2020repairing,
	title={Repairing deep neural networks: Fix patterns and challenges},
	author={Islam, Md Johirul and Pan, Rangeet and Nguyen, Giang and Rajan, Hridesh},
	booktitle={Proceedings of the ACM/IEEE 42nd International Conference on Software Engineering},
	pages={1135--1146},
	year={2020}
}
@inproceedings{pham2020problems,
	title={Problems and opportunities in training deep learning software systems: An analysis of variance},
	author={Pham, Hung Viet and Qian, Shangshu and Wang, Jiannan and Lutellier, Thibaud and Rosenthal, Jonathan and Tan, Lin and Yu, Yaoliang and Nagappan, Nachiappan},
	booktitle={Proceedings of the 35th IEEE/ACM international conference on automated software engineering},
	pages={771--783},
	year={2020}
}

@inproceedings{hu2021towards,
	title={Towards exploring the limitations of active learning: An empirical study},
	author={Hu, Qiang and Guo, Yuejun and Cordy, Maxime and Xie, Xiaofei and Ma, Wei and Papadakis, Mike and Le Traon, Yves},
	booktitle={2021 36th IEEE/ACM International Conference on Automated Software Engineering (ASE)},
	pages={917--929},
	year={2021},
	organization={IEEE}
}

@inproceedings{riccio2023and,
	title={When and why test generators for deep learning produce invalid inputs: an empirical study},
	author={Riccio, Vincenzo and Tonella, Paolo},
	booktitle={2023 IEEE/ACM 45th International Conference on Software Engineering (ICSE)},
	pages={1161--1173},
	year={2023},
	organization={IEEE}
}
@article{hu2022empirical,
	title={An empirical study on data distribution-aware test selection for deep learning enhancement},
	author={Hu, Qiang and Guo, Yuejun and Cordy, Maxime and Xie, Xiaofei and Ma, Lei and Papadakis, Mike and Le Traon, Yves},
	journal={ACM Transactions on Software Engineering and Methodology (TOSEM)},
	volume={31},
	number={4},
	pages={1--30},
	year={2022},
	publisher={ACM New York, NY}
}

@inproceedings{chen2020comprehensive,
	title={A comprehensive study on challenges in deploying deep learning based software},
	author={Chen, Zhenpeng and Cao, Yanbin and Liu, Yuanqiang and Wang, Haoyu and Xie, Tao and Liu, Xuanzhe},
	booktitle={Proceedings of the 28th ACM Joint Meeting on European Software Engineering Conference and Symposium on the Foundations of Software Engineering},
	pages={750--762},
	year={2020}
}

@inproceedings{zhang2020empirical,
	title={An empirical study on program failures of deep learning jobs},
	author={Zhang, Ru and Xiao, Wencong and Zhang, Hongyu and Liu, Yu and Lin, Haoxiang and Yang, Mao},
	booktitle={Proceedings of the ACM/IEEE 42nd International Conference on Software Engineering},
	pages={1159--1170},
	year={2020}
}

@inproceedings{li2020understanding,
	title={Understanding the automated parameter optimization on transfer learning for cross-project defect prediction: an empirical study},
	author={Li, Ke and Xiang, Zilin and Chen, Tao and Wang, Shuo and Tan, Kay Chen},
	booktitle={Proceedings of the ACM/IEEE 42nd International Conference on Software Engineering},
	pages={566--577},
	year={2020}
}

@inproceedings{humbatova2020taxonomy,
	title={Taxonomy of real faults in deep learning systems},
	author={Humbatova, Nargiz and Jahangirova, Gunel and Bavota, Gabriele and Riccio, Vincenzo and Stocco, Andrea and Tonella, Paolo},
	booktitle={Proceedings of the ACM/IEEE 42nd International Conference on Software Engineering},
	pages={1110--1121},
	year={2020}
}

@inproceedings{steenhoek2023empirical,
	title={An empirical study of deep learning models for vulnerability detection},
	author={Steenhoek, Benjamin and Rahman, Md Mahbubur and Jiles, Richard and Le, Wei},
	booktitle={2023 IEEE/ACM 45th International Conference on Software Engineering (ICSE)},
	pages={2237--2248},
	year={2023},
	organization={IEEE}
}

@inproceedings{yang2023does,
	title={Does data sampling improve deep learning-based vulnerability detection? Yeas! and Nays!},
	author={Yang, Xu and Wang, Shaowei and Li, Yi and Wang, Shaohua},
	booktitle={2023 IEEE/ACM 45th International Conference on Software Engineering (ICSE)},
	pages={2287--2298},
	year={2023},
	organization={IEEE}
}

@inproceedings{yang2017deep,
	title={Deep learning for fixed model reuse},
	author={Yang, Yang and Zhan, De-Chuan and Fan, Ying and Jiang, Yuan and Zhou, Zhi-Hua},
	booktitle={Proceedings of the AAAI Conference on Artificial Intelligence},
	volume={31},
	number={1},
	year={2017}
}

@inproceedings{ding2020boosting,
	title={Boosting-based reliable model reuse},
	author={Ding, Yao-Xiang and Zhou, Zhi-Hua},
	booktitle={Asian Conference on Machine Learning},
	pages={145--160},
	year={2020},
	organization={PMLR}
}

@inproceedings{meng2021measuring,
	title={Measuring discrimination to boost comparative testing for multiple deep learning models},
	author={Meng, Linghan and Li, Yanhui and Chen, Lin and Wang, Zhi and Wu, Di and Zhou, Yuming and Xu, Baowen},
	booktitle={2021 IEEE/ACM 43rd International Conference on Software Engineering (ICSE)},
	pages={385--396},
	year={2021},
	organization={IEEE}
}

@article{zhou2016learnware,
	title={Learnware: on the future of machine learning.},
	author={Zhou, Zhi-Hua},
	journal={Frontiers Comput. Sci.},
	volume={10},
	number={4},
	pages={589--590},
	year={2016}
}

@article{pan2009survey,
	title={A survey on transfer learning},
	author={Pan, Sinno Jialin and Yang, Qiang},
	journal={IEEE Transactions on knowledge and data engineering},
	volume={22},
	number={10},
	pages={1345--1359},
	year={2009},
	publisher={IEEE}
}
@article{zhao2020highlight,
	title={Highlight every step: Knowledge distillation via collaborative teaching},
	author={Zhao, Haoran and Sun, Xin and Dong, Junyu and Chen, Changrui and Dong, Zihe},
	journal={IEEE Transactions on Cybernetics},
	volume={52},
	number={4},
	pages={2070--2081},
	year={2020},
	publisher={IEEE}
}
@inproceedings{shen2019amalgamating,
	title={Amalgamating knowledge towards comprehensive classification},
	author={Shen, Chengchao and Wang, Xinchao and Song, Jie and Sun, Li and Song, Mingli},
	booktitle={Proceedings of the AAAI Conference on Artificial Intelligence},
	volume={33},
	number={01},
	pages={3068--3075},
	year={2019}
}
@inproceedings{zhang2021towards,
	title={Towards enabling learnware to handle unseen jobs},
	author={Zhang, Yu-Jie and Yan, Yu-Hu and Zhao, Peng and Zhou, Zhi-Hua},
	booktitle={Proceedings of the AAAI Conference on Artificial Intelligence},
	volume={35},
	number={12},
	pages={10964--10972},
	year={2021}
}
@article{wu2021model,
	title={Model reuse with reduced kernel mean embedding specification},
	author={Wu, Xi-Zhu and Xu, Wenkai and Liu, Song and Zhou, Zhi-Hua},
	journal={IEEE Transactions on Knowledge and Data Engineering},
	volume={35},
	number={1},
	pages={699--710},
	year={2021},
	publisher={IEEE}
}

@article{tan2022towards,
	title={Towards enabling learnware to handle heterogeneous feature spaces},
	author={Tan, Peng and Tan, Zhi-Hao and Jiang, Yuan and Zhou, Zhi-Hua},
	journal={Machine Learning},
	pages={1--22},
	year={2022},
	publisher={Springer}
}

@article{ding2022pre,
	title={Pre-Trained Model Reusability Evaluation for Small-Data Transfer Learning},
	author={Ding, Yao-Xiang and Wu, Xi-Zhu and Zhou, Kun and Zhou, Zhi-Hua},
	journal={Advances in Neural Information Processing Systems},
	volume={35},
	pages={37389--37400},
	year={2022}
}

@inproceedings{wu2019heterogeneous,
	title={Heterogeneous model reuse via optimizing multiparty multiclass margin},
	author={Wu, Xi-Zhu and Liu, Song and Zhou, Zhi-Hua},
	booktitle={International Conference on Machine Learning},
	pages={6840--6849},
	year={2019},
	organization={PMLR}
}

@article{zhao2020handling,
	title={Handling concept drift via model reuse},
	author={Zhao, Peng and Cai, Le-Wen and Zhou, Zhi-Hua},
	journal={Machine learning},
	volume={109},
	pages={533--568},
	year={2020},
	publisher={Springer}
}

@inproceedings{shao2021towards,
	title={Towards Robust Model Reuse in the Presence of Latent Domains.},
	author={Shao, Jie-Jing and Cheng, Zhanzhan and Li, Yu-Feng and Pu, Shiliang},
	booktitle={IJCAI},
	pages={2957--2963},
	year={2021}
}

@inproceedings{pan2022decomposing,
	title={Decomposing convolutional neural networks into reusable and replaceable modules},
	author={Pan, Rangeet and Rajan, Hridesh},
	booktitle={Proceedings of the 44th International Conference on Software Engineering},
	pages={524--535},
	year={2022}
}

@inproceedings{qi2022patching,
	title={Patching weak convolutional neural network models through modularization and composition},
	author={Qi, Binhang and Sun, Hailong and Gao, Xiang and Zhang, Hongyu},
	booktitle={Proceedings of the 37th IEEE/ACM International Conference on Automated Software Engineering},
	pages={1--12},
	year={2022}
}


@inproceedings{ji2018model,
	title={Model-reuse attacks on deep learning systems},
	author={Ji, Yujie and Zhang, Xinyang and Ji, Shouling and Luo, Xiapu and Wang, Ting},
	booktitle={Proceedings of the 2018 ACM SIGSAC conference on computer and communications security},
	pages={349--363},
	year={2018}
}

@inproceedings{li2021modeldiff,
	title={ModelDiff: Testing-based DNN similarity comparison for model reuse detection},
	author={Li, Yuanchun and Zhang, Ziqi and Liu, Bingyan and Yang, Ziyue and Liu, Yunxin},
	booktitle={Proceedings of the 30th ACM SIGSOFT International Symposium on Software Testing and Analysis},
	pages={139--151},
	year={2021}
}

@inproceedings{zhang2022remos,
	title={ReMoS: reducing defect inheritance in transfer learning via relevant model slicing},
	author={Zhang, Ziqi and Li, Yuanchun and Wang, Jindong and Liu, Bingyan and Li, Ding and Guo, Yao and Chen, Xiangqun and Liu, Yunxin},
	booktitle={Proceedings of the 44th International Conference on Software Engineering},
	pages={1856--1868},
	year={2022}
}

@article{qi2023reusing,
	title={Reusing Deep Neural Network Models through Model Re-engineering},
	author={Qi, Binhang and Sun, Hailong and Gao, Xiang and Zhang, Hongyu and Li, Zhaotian and Liu, Xudong},
	journal={arXiv preprint arXiv:2304.00245},
	year={2023}
}

@inproceedings{you2017learning,
	title={Learning from multiple teacher networks},
	author={You, Shan and Xu, Chang and Xu, Chao and Tao, Dacheng},
	booktitle={Proceedings of the 23rd ACM SIGKDD International Conference on Knowledge Discovery and Data Mining},
	pages={1285--1294},
	year={2017}
}

@inproceedings{shen2019amalgamating,
	title={Amalgamating knowledge towards comprehensive classification},
	author={Shen, Chengchao and Wang, Xinchao and Song, Jie and Sun, Li and Song, Mingli},
	booktitle={Proceedings of the AAAI Conference on Artificial Intelligence},
	volume={33},
	number={01},
	pages={3068--3075},
	year={2019}
}

@inproceedings{shen2019customizing,
	title={Customizing student networks from heterogeneous teachers via adaptive knowledge amalgamation},
	author={Shen, Chengchao and Xue, Mengqi and Wang, Xinchao and Song, Jie and Sun, Li and Song, Mingli},
	booktitle={Proceedings of the IEEE/CVF International Conference on Computer Vision},
	pages={3504--3513},
	year={2019}
}

@inproceedings{ye2019amalgamating,
	title={Amalgamating filtered knowledge: Learning task-customized student from multi-task teachers [C]},
	author={YE JW, WANG XC and others},
	booktitle={Proceedings of the Twenty-Eighth International Joint Conference on Artificial Intelligence, Macao, China},
	pages={4128--4134},
	year={2019}
}

@inproceedings{ye2019student,
	title={Student becoming the master: Knowledge amalgamation for joint scene parsing, depth estimation, and more},
	author={Ye, Jingwen and Ji, Yixin and Wang, Xinchao and Ou, Kairi and Tao, Dapeng and Song, Mingli},
	booktitle={Proceedings of the IEEE/CVF Conference on Computer Vision and Pattern Recognition},
	pages={2829--2838},
	year={2019}
}

@article{liu2019knowledge,
	title={Knowledge flow: Improve upon your teachers},
	author={Liu, Iou-Jen and Peng, Jian and Schwing, Alexander G},
	journal={arXiv preprint arXiv:1904.05878},
	year={2019}
}

@inproceedings{jing2021amalgamating,
	title={Amalgamating knowledge from heterogeneous graph neural networks},
	author={Jing, Yongcheng and Yang, Yiding and Wang, Xinchao and Song, Mingli and Tao, Dacheng},
	booktitle={Proceedings of the IEEE/CVF conference on computer vision and pattern recognition},
	pages={15709--15718},
	year={2021}
}

@inproceedings{yu2022arm,
	title={Arm: Efficient Learning of Neural Retrieval Models with Desired Accuracy by Automatic Knowledge Amalgamation},
	author={Yu, Linzhu and Jiang, Dawei and Chen, Ke and Shou, Lidan},
	booktitle={Proceedings of the 45th International ACM SIGIR Conference on Research and Development in Information Retrieval},
	pages={3345--3349},
	year={2022}
}

@article{xu2022hierarchical,
	title={Hierarchical knowledge amalgamation with dual discriminative feature alignment},
	author={Xu, Renjun and Liang, Shuoying and Wen, Lanyu and Guo, Zhitong and Huang, Xinyue and Song, Mingli and Wang, Jindong and Xu, Xiaoxiao and Chen, Huajun},
	journal={Information Sciences},
	volume={613},
	pages={556--574},
	year={2022},
	publisher={Elsevier}
}

@inproceedings{de2022class,
	title={Class-incremental learning via knowledge amalgamation},
	author={de Carvalho, Marcus and Pratama, Mahardhika and Zhang, Jie and Sun, Yajuan},
	booktitle={Joint European Conference on Machine Learning and Knowledge Discovery in Databases},
	pages={36--50},
	year={2022},
	organization={Springer}
}

@article{zhao2020highlight,
	title={Highlight every step: Knowledge distillation via collaborative teaching},
	author={Zhao, Haoran and Sun, Xin and Dong, Junyu and Chen, Changrui and Dong, Zihe},
	journal={IEEE Transactions on Cybernetics},
	volume={52},
	number={4},
	pages={2070--2081},
	year={2020},
	publisher={IEEE}
}

@incollection{park2020feature,
	title={Feature-level ensemble knowledge distillation for aggregating knowledge from multiple networks},
	author={Park, SeongUk and Kwak, Nojun},
	booktitle={ECAI 2020},
	pages={1411--1418},
	year={2020},
	publisher={IOS Press}
}

@inproceedings{zhu2021student,
	title={Student customized knowledge distillation: Bridging the gap between student and teacher},
	author={Zhu, Yichen and Wang, Yi},
	booktitle={Proceedings of the IEEE/CVF International Conference on Computer Vision},
	pages={5057--5066},
	year={2021}
}

@inproceedings{mirzadeh2020improved,
	title={Improved knowledge distillation via teacher assistant},
	author={Mirzadeh, Seyed Iman and Farajtabar, Mehrdad and Li, Ang and Levine, Nir and Matsukawa, Akihiro and Ghasemzadeh, Hassan},
	booktitle={Proceedings of the AAAI conference on artificial intelligence},
	volume={34},
	number={04},
	pages={5191--5198},
	year={2020}
}

@article{fang2021mosaicking,
	title={Mosaicking to distill: Knowledge distillation from out-of-domain data},
	author={Fang, Gongfan and Bao, Yifan and Song, Jie and Wang, Xinchao and Xie, Donglin and Shen, Chengchao and Song, Mingli},
	journal={Advances in Neural Information Processing Systems},
	volume={34},
	pages={11920--11932},
	year={2021}
}

@article{wang2021knowledge,
	title={Knowledge distillation and student-teacher learning for visual intelligence: A review and new outlooks},
	author={Wang, Lin and Yoon, Kuk-Jin},
	journal={IEEE transactions on pattern analysis and machine intelligence},
	volume={44},
	number={6},
	pages={3048--3068},
	year={2021},
	publisher={IEEE}
}

@article{gou2021knowledge,
	title={Knowledge distillation: A survey},
	author={Gou, Jianping and Yu, Baosheng and Maybank, Stephen J and Tao, Dacheng},
	journal={International Journal of Computer Vision},
	volume={129},
	pages={1789--1819},
	year={2021},
	publisher={Springer}
}

@article{li2022distilling,
	title={Distilling a powerful student model via online knowledge distillation},
	author={Li, Shaojie and Lin, Mingbao and Wang, Yan and Wu, Yongjian and Tian, Yonghong and Shao, Ling and Ji, Rongrong},
	journal={IEEE Transactions on Neural Networks and Learning Systems},
	year={2022},
	publisher={IEEE}
}

@inproceedings{chen2022knowledge,
	title={Knowledge distillation with the reused teacher classifier},
	author={Chen, Defang and Mei, Jian-Ping and Zhang, Hailin and Wang, Can and Feng, Yan and Chen, Chun},
	booktitle={Proceedings of the IEEE/CVF conference on computer vision and pattern recognition},
	pages={11933--11942},
	year={2022}
}

@inproceedings{shen2018munn,
	title={Munn: Mutation analysis of neural networks},
	author={Shen, Weijun and Wan, Jun and Chen, Zhenyu},
	booktitle={2018 IEEE international conference on software quality, reliability and security companion (QRS-C)},
	pages={108--115},
	year={2018},
	organization={IEEE}
}

@inproceedings{ma2018deepmutation,
	title={Deepmutation: Mutation testing of deep learning systems},
	author={Ma, Lei and Zhang, Fuyuan and Sun, Jiyuan and Xue, Minhui and Li, Bo and Juefei-Xu, Felix and Xie, Chao and Li, Li and Liu, Yang and Zhao, Jianjun and others},
	booktitle={2018 IEEE 29th international symposium on software reliability engineering (ISSRE)},
	pages={100--111},
	year={2018},
	organization={IEEE}
}

@inproceedings{hu2019deepmutation++,
	title={Deepmutation++: A mutation testing framework for deep learning systems},
	author={Hu, Qiang and Ma, Lei and Xie, Xiaofei and Yu, Bing and Liu, Yang and Zhao, Jianjun},
	booktitle={2019 34th IEEE/ACM International Conference on Automated Software Engineering (ASE)},
	pages={1158--1161},
	year={2019},
	organization={IEEE}
}

@inproceedings{humbatova2021deepcrime,
	title={Deepcrime: mutation testing of deep learning systems based on real faults},
	author={Humbatova, Nargiz and Jahangirova, Gunel and Tonella, Paolo},
	booktitle={Proceedings of the 30th ACM SIGSOFT International Symposium on Software Testing and Analysis},
	pages={67--78},
	year={2021}
}

@inproceedings{yang2017deep,
	title={Deep learning for fixed model reuse},
	author={Yang, Yang and Zhan, De-Chuan and Fan, Ying and Jiang, Yuan and Zhou, Zhi-Hua},
	booktitle={Proceedings of the AAAI Conference on Artificial Intelligence},
	volume={31},
	number={1},
	year={2017}
}

@article{sung2022lst,
	title={Lst: Ladder side-tuning for parameter and memory efficient transfer learning},
	author={Sung, Yi-Lin and Cho, Jaemin and Bansal, Mohit},
	journal={Advances in Neural Information Processing Systems},
	volume={35},
	pages={12991--13005},
	year={2022}
}

@inproceedings{shen2020multiple,
	title={Multiple-boundary clustering and prioritization to promote neural network retraining},
	author={Shen, Weijun and Li, Yanhui and Chen, Lin and Han, Yuanlei and Zhou, Yuming and Xu, Baowen},
	booktitle={Proceedings of the 35th IEEE/ACM International Conference on Automated Software Engineering},
	pages={410--422},
	year={2020}
}

@inproceedings{wu2019heterogeneous,
	title={Heterogeneous model reuse via optimizing multiparty multiclass margin},
	author={Wu, Xi-Zhu and Liu, Song and Zhou, Zhi-Hua},
	booktitle={International Conference on Machine Learning},
	pages={6840--6849},
	year={2019},
	organization={PMLR}
}

@article{luo2019knowledge,
	title={Knowledge amalgamation from heterogeneous networks by common feature learning},
	author={Luo, Sihui and Wang, Xinchao and Fang, Gongfan and Hu, Yao and Tao, Dapeng and Song, Mingli},
	journal={arXiv preprint arXiv:1906.10546},
	year={2019}
}

@misc{CarBodyStyleDataset,
	author= {{Darshan Deshpande}},
	year  = {2021},
	title = {Car Body Style Dataset, {An image based dataset containing different car body styles}},
	note  = {\url{https://www.kaggle.com/datasets/darshan1504/car-body-style-dataset}, 
	Last accessed on 2023-6-25},
}

@misc{CarBodyStyle,
	author= {{Edward Kahara}},
	year  = {2020},
	title = {Car Body Style, {}},
	note  = {\url{https://www.kaggle.com/datasets/edkahara/car-body-stylet}, 
	Last accessed on 2023-6-25},
}

@misc{FlowerClassification,
	author= {{Utkarsh Saxena}},
	year  = {2023},
	title = {Flower Classification | 10 Classes |, {Rose, Lily, Sunflower, Lavender, Daisy +5 Flowers Classification.}},
	note  = {\url{https://www.kaggle.com/datasets/utkarshsaxenadn/flower-classification-5-classes-roselilyetc}, 
	Last accessed on 2023-6-25},
}

@misc{FlowersRecognition,
	author= {{Alexander Mamaev}},
	year  = {2021},
	title = {Flowers Recognition, {This dataset contains labeled 4242 images of flowers.}},
	note  = {\url{https://www.kaggle.com/datasets/alxmamaev/flowers-recognition}, 
	Last accessed on 2023-6-25},
}

@misc{food11,
	author= {{Bikram Saha}},
	year  = {2022},
	title = {food-11 Image Classification Dataset, {11 categories of food images (mini version of food-101 dataset)}},
	note  = {\url{https://www.kaggle.com/datasets/imbikramsaha/food11}, 
	Last accessed on 2023-6-25},
}

@misc{FoodRecognition,
	author= {{Manish KC}},
	year  = {2022},
	title = {Food Recognition - Burger, Pizza \& Coke, {Build a machine learning model to recognize the food image.}},
	note={\url{https://www.kaggle.com/datasets/manishkc06/food-classification-burger-pizza-coke?select=Training_set_food.csv}, 	Last accessed on 2023-6-25},
}


@misc{10fruit,
	year  = {2022},
	title = {10 fruit},
	note  = {\url{https://www.kaggle.com/datasets/nguyenductai243/10-fruit}, 
	Last accessed on 2023-6-25},
}

@misc{Vegetables,
	author = {{ALI BALOCH}},
	year  = {2022},
	title = {Vegetables \& Fruits fresh and Stale, {Fresh and Stale Images of Fruits and Vegetables for classification}},
	note  = {\url{https://www.kaggle.com/datasets/alibaloch/vegetables-fruits-fresh-and-stale}, 
	Last accessed on 2023-6-25},
}

@misc{100Sports,
	author = {Gerry},
	year  = {2023},
	title = {100 Sports Image Classification, {13493 train, 500 test, 500 validate images 224,224,3 jpg formatn}},
	note  = {\url{https://www.kaggle.com/datasets/gpiosenka/sports-classification}, 
	Last accessed on 2023-6-25},
}

@misc{SportsImageDataset,
	author = {Rushikesh Konapure},
	year  = {2020},
	title = {Sports Image Dataset, {Collection of images for 22 types of sports}},
	note  = {\url{https://www.kaggle.com/datasets/rishikeshkonapure/sports-image-dataset}, 
	Last accessed on 2023-6-25},
}

@misc{WeatherClassification,
	author = {Jagadeesh Suggula},
	year  = {2020},
	title = {Weather Classification, {}},
	note  = {\url{https://www.kaggle.com/datasets/jagadeesh23/weather-classification}, 
	Last accessed on 2023-6-25},
}

@misc{WeatherImageRecognition,
	author = {Jehan Bhathena},
	year  = {2021},
	title = {Weather Image Recognition, {This dataset contains labeled 6862 images of different types of weather}},
	note  = {\url{https://www.kaggle.com/datasets/jehanbhathena/weather-dataset}, 
	Last accessed on 2023-6-25},
}

@misc{AfricanWildlife,
	author = {Bianca Ferreira},
	year  = {2020},
	title = {African Wildlife, {A data set of 4 African animals in the YOLO labeling format.}},
	note  = {\url{https://www.kaggle.com/datasets/biancaferreira/african-wildlife}, 
	Last accessed on 2023-6-25},
}

@misc{DangerOfExtinction,
	author = {},
	year  = {2021},
	title = {Danger Of Extinction / Animal Image Set, {}},
	note  = {\url{https://www.kaggle.com/datasets/brsdincer/danger-of-extinction-animal-image-set/code}, 
	Last accessed on 2023-6-25},
}

@misc{AnimalImageDataset,
	author = {Ashish Saxena},
	year  = {2019},
	title = {Animal Image Dataset(DOG, CAT and PANDA), {Dataset for Image Classification Practice}},
	note  = {\url{https://www.kaggle.com/datasets/ashishsaxena2209/animal-image-datasetdog-cat-and-panda}, 
	Last accessed on 2023-6-25},
}

@misc{Animal5Mammal,
	author = {},
	year  = {2022},
	title = {Animal -5 Mammal, {This dataset contain 5 different mammals(Cat, Dog , Elephant , Horse , Lion)}},
	note  = {\url{https://www.kaggle.com/datasets/shiv28/animal-5-mammal}, 
	Last accessed on 2023-6-25},
}

@misc{wildCats,
	author = {},
	year  = {2020},
	title = {wild cats, {five different wild cats (cheetah, tigers, jaguars, panthers, and leopards)}},
	note  = {\url{https://www.kaggle.com/datasets/enisahovi/cats-projekat-4}, 
	Last accessed on 2023-6-25},
}

@misc{WildlifeAnimalsImages,
	author = {Anshul Mehta},
	year  = {2023},
	title = {Wildlife Animals Images, {Dataset containing Images of Wildlife Animals}},
	note ={\url{https://www.kaggle.com/datasets/anshulmehtakaggl/wildlife-animals-images?select=cheetah-resize-224}, 
	Last accessed on 2023-6-25},
}